@inproceedings{Vaswani.et.al.2017,
	title        = {{Attention Is All You Need}},
	author       = {Vaswani, Ashish and Shazeer, Noam and Parmar, Niki and Uszkoreit, Jakob and Jones, Llion and Gomez, Aidan N. and Kaiser, Lukasz and Polosukhin, Illia},
	year         = 2017,
	booktitle    = {Advances in Neural Information Processing Systems 30},
	publisher    = {Curran Associates, Inc.},
	address      = {Long Beach, CA, USA},
	pages        = {5998--6008}
}

@incollection{Trepte.Masur.2023,
	title        = {Definitions of Privacy},
	author       = {Trepte, Sabine and Masur, Philipp K.},
	booktitle    = {The Routlege Hanbook of Privacy and Social Media},
	publisher    = {Routledge},
	pages        = {3--15},
	doi          = {10.4324/9781003244677-2},
	editor       = {Trepte, Sabine and Masur, Philipp K.},
	date         = 2023
}

@article{Narayana.Shmatikov.2008.arXiv,
	title        = {{How To Break Anonymity of the Netflix Prize Dataset}},
	author       = {Narayanan, Arvind and Shmatikov, Vitaly},
	doi          = {10.48550/arXiv.cs/0610105},
	date         = 2008,
	journaltitle = {arXiv preprint}
}

@article{Nasr.et.al.2023.arXiv,
	title        = {{Scalable Extraction of Training Data from (Production) Language Models}},
	author       = {Nasr, Milad and Carlini, Nicholas and Hayase, Jonathan and Jagielski, Matthew and Cooper, A. Feder and Ippolito, Daphne and Choquette-Choo, Christopher A. and Wallace, Eric and Tramèr, Florian and Lee, Katherine},
	doi          = {10.48550/arXiv.2311.17035},
	date         = 2023,
	journaltitle = {arXiv preprint}
}

@article{Culnane.et.al.2017.arXiv,
	title        = {{Health Data in an Open World: A Report on Re-Identifying Patients in the MBS/PBS Dataset and the Implications for Future Releases of Australian Government Data}},
	author       = {Culnane, Chris and Rubinstein, Benjamin I. P. and Teague, Vanessa},
	url          = {http://arxiv.org/abs/1712.05627},
	date         = 2017,
	journaltitle = {arXiv preprint}
}

@article{Warren.Brandeis.1890,
	title        = {{The Right to Privacy}},
	author       = {Warren, Samuel D. and Brandeis, Louis D.},
	year         = 1890,
	journal      = {Harvard Law Review},
	volume       = 4,
	number       = 5,
	pages        = {193--220},
	doi          = {10.2307/1321160}
}

@book{Westin.1967,
	title        = {Privacy and Freedom},
	author       = {Westin, Allan F.},
	year         = 1967,
	publisher    = {Atheneum},
	address      = {New York}
}

@article{Burgoon.1982,
	title        = {{Privacy and Communication}},
	author       = {Burgoon, Judee K.},
	year         = 1982,
	journal      = {Annals of the International Communication Association},
	publisher    = {Routledge},
	volume       = 6,
	number       = 1,
	pages        = {206--249},
	doi          = {10.1080/23808985.1982.11678499}
}

@article{Carlini.et.al.2020.arXiv,
	title        = {{Extracting Training Data from Large Language Models}},
	author       = {Carlini, Nicholas and Tramer, Florian and Wallace, Eric and Jagielski, Matthew and Herbert-Voss, Ariel and Lee, Katherine and Roberts, Adam and Brown, Tom and Song, Dawn and Erlingsson, Ulfar and Oprea, Alina and Raffel, Colin},
	journal      = {arXiv preprint},
	date         = 2020
}

@book{Voigt.Bussche.2017,
	title        = {{The EU General Data Protection Regulation (GDPR): A Practical Guide}},
	author       = {Voigt, Paul and von dem Bussche, Axel},
	year         = 2017,
	publisher    = {Springer International Publishing},
	isbn         = {978-3-319-57958-0}
}

@inproceedings{Lison.et.al.2021.ACL,
	title        = {Anonymisation Models for Text Data: State of the art, Challenges and Future Directions},
	author       = {Lison, Pierre  and Pil{\'a}n, Ildik{\'o}  and Sanchez, David  and Batet, Montserrat  and {\O}vrelid, Lilja},
	year         = 2021,
	booktitle    = {Proceedings of the 59th Annual Meeting of the Association for Computational Linguistics and the 11th International Joint Conference on Natural Language Processing (Volume 1: Long Papers)},
	publisher    = {Association for Computational Linguistics},
	address      = {Online},
	pages        = {4188--4203},
	doi          = {10.18653/v1/2021.acl-long.323}
}

@inproceedings{Jensen.et.al.2021.NoDaLiDa,
	title        = {De-identification of Privacy-related Entities in Job Postings},
	author       = {Jensen, Kristian N{\o}rgaard  and Zhang, Mike  and Plank, Barbara},
	year         = 2021,
	booktitle    = {Proceedings of the 23rd Nordic Conference on Computational Linguistics (NoDaLiDa)},
	publisher    = {Link{\"o}ping University Electronic Press, Sweden},
	address      = {Reykjavik, Iceland (Online)},
	pages        = {210--221},
	url          = {https://aclanthology.org/2021.nodalida-main.21}
}

@inproceedings{Eder.et.al.2022.LREC,
	title        = {{``}Beste Gr{\"u}{\ss}e, Maria Meyer{''} {---} Pseudonymization of Privacy-Sensitive Information in Emails},
	author       = {Eder, Elisabeth  and Wiegand, Michael  and Krieg-Holz, Ulrike  and Hahn, Udo},
	year         = 2022,
	booktitle    = {Proceedings of the Thirteenth Language Resources and Evaluation Conference},
	publisher    = {European Language Resources Association},
	address      = {Marseille, France},
	pages        = {741--752},
	url          = {https://aclanthology.org/2022.lrec-1.79}
}

@inproceedings{Arranz.et.al.2022.WS,
	title        = {{MAPA} Project: Ready-to-Go Open-Source Datasets and Deep Learning Technology to Remove Identifying Information from Text Documents},
	author       = {Arranz, Victoria  and Choukri, Khalid  and Cuadros, Montse  and Garc{\'\i}a Pablos, Aitor  and Gianola, Lucie  and Grouin, Cyril  and Herranz, Manuel  and Paroubek, Patrick  and Zweigenbaum, Pierre},
	year         = 2022,
	booktitle    = {Proceedings of the Workshop on Ethical and Legal Issues in Human Language Technologies and Multilingual De-Identification of Sensitive Data In Language Resources within the 13th Language Resources and Evaluation Conference},
	publisher    = {European Language Resources Association},
	address      = {Marseille, France},
	pages        = {64--72},
	url          = {https://aclanthology.org/2022.legal-1.12}
}

@inproceedings{Yermilov.et.al.2023.TrustWS,
	title        = {Privacy- and Utility-Preserving {NLP} with Anonymized data: A case study of Pseudonymization},
	author       = {Yermilov, Oleksandr  and Raheja, Vipul  and Chernodub, Artem},
	year         = 2023,
	booktitle    = {Proceedings of the 3rd Workshop on Trustworthy Natural Language Processing (TrustNLP 2023)},
	publisher    = {Association for Computational Linguistics},
	address      = {Toronto, Canada},
	pages        = {232--241},
	doi          = {10.18653/v1/2023.trustnlp-1.20}
}

@article{Pilan.et.al.2022.coli,
	title        = {{The Text Anonymization Benchmark (TAB): A Dedicated Corpus and Evaluation Framework for Text Anonymization}},
	author       = {Pilán, Ildikó and Lison, Pierre and Øvrelid, Lilja and Papadopoulou, Anthi and Sánchez, David and Batet, Montserrat},
	volume       = 48,
	number       = 4,
	pages        = {1053--1101},
	doi          = {10.1162/coli_a_00458},
	date         = 2022,
	journaltitle = {Computational Linguistics}
}

@inproceedings{dinurRevealingInformationPreserving2003,
  title = {Revealing Information While Preserving Privacy},
  booktitle = {Proceedings of the Twenty-Second {{ACM SIGMOD-SIGACT-SIGART}} Symposium on {{Principles}} of Database Systems},
  author = {Dinur, Irit and Nissim, Kobbi},
  date = {2003},
  pages = {202--210},
  publisher = {ACM},
  location = {San Diego California},
  doi = {10.1145/773153.773173},
  url = {https://dl.acm.org/doi/10.1145/773153.773173},
  urldate = {2024-04-24},
  eventtitle = {{{SIGMOD}}/{{PODS03}}: {{International Conference}} on {{Management}} of {{Data}} and {{Symposium}} on {{Principles Database}} and {{Systems}}},
  isbn = {978-1-58113-670-8},
  langid = {english},
  file = {/Users/ih/Zotero/storage/3FC6RYR6/Dinur and Nissim - 2003 - Revealing information while preserving privacy.pdf}
}

@inproceedings{blumPracticalPrivacySuLQ2005,
  title = {Practical Privacy: The {{SuLQ}} Framework},
  shorttitle = {Practical Privacy},
  booktitle = {Proceedings of the Twenty-Fourth {{ACM SIGMOD-SIGACT-SIGART}} Symposium on {{Principles}} of Database Systems},
  author = {Blum, Avrim and Dwork, Cynthia and McSherry, Frank and Nissim, Kobbi},
  date = {2005},
  pages = {128--138},
  publisher = {ACM},
  location = {Baltimore Maryland},
  doi = {10.1145/1065167.1065184},
  url = {https://dl.acm.org/doi/10.1145/1065167.1065184},
  urldate = {2024-04-24},
  eventtitle = {{{SIGMOD}}/{{PODS05}}: {{International Conference}} on {{Management}} of {{Data}} and {{Symposium}} on {{Principles Database}} and {{Systems}}},
  isbn = {978-1-59593-062-0},
  langid = {english},
  file = {/Users/ih/Zotero/storage/GMUY6TK9/Blum et al. - 2005 - Practical privacy the SuLQ framework.pdf}
}

@inproceedings{Dwork.Nissim.2004.CRYPTO,
  title = {{Privacy-Preserving Datamining on Vertically Partitioned Databases}},
  booktitle = {Proceedings of the 24th Annual International Cryptology Conference - CRYPTO 2004},
  author = {Dwork, Cynthia and Nissim, Kobbi},
  editor = {Franklin, Matt},
  year = {2004},
  volume = {3152},
  pages = {528--544},
  publisher = {Springer Berlin Heidelberg},
  address = {Santa Barbara, CA, USA},
  doi = {10.1007/978-3-540-28628-8_32},
}



@incollection{dworkCalibratingNoiseSensitivity2006,
  title = {Calibrating {{Noise}} to {{Sensitivity}} in {{Private Data Analysis}}},
  booktitle = {Theory of {{Cryptography}}},
  author = {Dwork, Cynthia and McSherry, Frank and Nissim, Kobbi and Smith, Adam},
  editor = {Halevi, Shai and Rabin, Tal},
  editorb = {Hutchison, David and Kanade, Takeo and Kittler, Josef and Kleinberg, Jon M. and Mattern, Friedemann and Mitchell, John C. and Naor, Moni and Nierstrasz, Oscar and Pandu Rangan, C. and Steffen, Bernhard and Sudan, Madhu and Terzopoulos, Demetri and Tygar, Dough and Vardi, Moshe Y. and Weikum, Gerhard},
  editorbtype = {redactor},
  date = {2006},
  volume = {3876},
  pages = {265--284},
  publisher = {Springer Berlin Heidelberg},
  location = {Berlin, Heidelberg},
  doi = {10.1007/11681878_14},
  url = {http://link.springer.com/10.1007/11681878_14},
  urldate = {2024-04-24},
}


@article{ekertUltimatePhysicalLimits2014,
  title = {The Ultimate Physical Limits of Privacy},
  author = {Ekert, Artur and Renner, Renato},
  date = {2014-03},
  journaltitle = {Nature},
  shortjournal = {Nature},
  volume = {507},
  number = {7493},
  pages = {443--447},
  issn = {0028-0836, 1476-4687},
  doi = {10.1038/nature13132},
  url = {https://www.nature.com/articles/nature13132},
  urldate = {2024-04-25},
  langid = {english},
  file = {/Users/ih/Zotero/storage/3XQ2V6IM/Ekert and Renner - 2014 - The ultimate physical limits of privacy.pdf}
}

@article{Dwork.Roth.2013,
  title = {The {{Algorithmic Foundations}} of {{Differential Privacy}}},
  author = {Dwork, Cynthia and Roth, Aaron},
  date = {2013},
  journaltitle = {Foundations and Trends® in Theoretical Computer Science},
  volume = {9},
  number = {3-4},
  pages = {211--407},
  doi = {10.1561/0400000042},
}


@inproceedings{Nissim.et.al.2007.STOC,
  title = {Smooth Sensitivity and Sampling in Private Data Analysis},
  booktitle = {Proceedings of the Thirty-Ninth Annual {{ACM}} Symposium on {{Theory}} of Computing - {{STOC}} '07},
  author = {Nissim, Kobbi and Raskhodnikova, Sofya and Smith, Adam},
  date = {2007},
  pages = {75},
  publisher = {ACM Press},
  location = {San Diego, CA, USA},
  doi = {10.1145/1250790.1250803},
}



@inproceedings{Fredrikson.et.al.2015.SIGSAC,
	location = {Denver, Colorado},
	title = {Model Inversion Attacks that Exploit Confidence Information and Basic Countermeasures},
	doi = {10.1145/2810103.2813677},
	pages = {1322--1333},
	booktitle = {Proceedings of the 22nd {ACM} {SIGSAC} Conference on Computer and Communications Security},
	publisher = {{ACM}},
	author = {Fredrikson, Matt and Jha, Somesh and Ristenpart, Thomas},
	date = {2015},
}



@inproceedings{Dwork.et.al.2010.FOCS,
	location = {Las Vegas, {USA}},
	title = {Boosting and Differential Privacy},
	doi = {10.1109/FOCS.2010.12},
	pages = {51--60},
	booktitle = {2010 {IEEE} 51st Annual Symposium on Foundations of Computer Science},
	publisher = {{IEEE}},
	author = {Dwork, Cynthia and Rothblum, Guy N. and Vadhan, Salil},
	date = {2010},
}


@inproceedings{Li.et.al.2012.ASIACCS,
	address = {Seoul, South Korea},
	author = {Li, Ninghui and Qardaji, Wahbeh and Su, Dong},
	booktitle = {Proceedings of the 7th ACM Symposium on Information, Computer and Communications Security},
	doi = {10.1145/2414456.2414474},
	pages = {32--33},
	publisher = {ACM},
	title = {{On Sampling, Anonymization, and Differential Privacy Or, K-Anonymization Meets Differential Privacy}},
	year = {2012}
}


@inproceedings{Abadi.et.al.2016.SIGSAC,
	location = {Vienna, Austria},
	title = {Deep Learning with Differential Privacy},
	url = {https://dl.acm.org/doi/10.1145/2976749.2978318},
	doi = {10.1145/2976749.2978318},
	pages = {308--318},
	booktitle = {Proceedings of the 2016 {ACM} {SIGSAC} Conference on Computer and Communications Security},
	publisher = {{ACM}},
	author = {Abadi, Martin and Chu, Andy and Goodfellow, Ian and {McMahan}, H. Brendan and Mironov, Ilya and Talwar, Kunal and Zhang, Li},
	date = {2016},
}



@inproceedings{senge-etal-2022-one,
    title = "One size does not fit all: Investigating strategies for differentially-private learning across {NLP} tasks",
    author = "Senge, Manuel  and
      Igamberdiev, Timour  and
      Habernal, Ivan",
    editor = "Goldberg, Yoav  and
      Kozareva, Zornitsa  and
      Zhang, Yue",
    booktitle = "Proceedings of the 2022 Conference on Empirical Methods in Natural Language Processing",
    year = "2022",
    address = "Abu Dhabi, United Arab Emirates",
    publisher = "Association for Computational Linguistics",
    doi = "10.18653/v1/2022.emnlp-main.496",
    pages = "7340--7353",

}



@inproceedings{McMahan.et.al.2018.ICLR,
	location = {Vancouver, {BC}, Canada},
	title = {Learning Differentially Private Recurrent Language Models},
	pages = {1--14},
	booktitle = {Proceedings of the 6th International Conference on Learning Representations},
	author = {{McMahan}, H. Brendan and Ramage, Daniel and Talwar, Kunal and Zhang, Li},
	date = {2018},
}



@article{McMahan.et.al.2016.arXiv,
	title        = {{Federated Learning of Deep Networks using Model Averaging}},
	author       = {H. Brendan McMahan and Eider Moore and Daniel Ramage and Seth Hampson and Blaise Agüera y Arcas},
	year         = 2016,
	url          = {https://arxiv.org/abs/1602.05629},
	journal = {arXiv preprint},
}


@inproceedings{igamberdiev-etal-2024-dp,
    title = "{DP}-{NMT}: Scalable Differentially Private Machine Translation",
    author = "Igamberdiev, Timour  and
      Vu, Doan Nam Long  and
      Kuennecke, Felix  and
      Yu, Zhuo  and
      Holmer, Jannik  and
      Habernal, Ivan",
    editor = "Aletras, Nikolaos  and
      De Clercq, Orphee",
    booktitle = "Proceedings of the 18th Conference of the European Chapter of the Association for Computational Linguistics: System Demonstrations",
    year = "2024",
    address = "St. Julians, Malta",
    publisher = "Association for Computational Linguistics",
    url = "https://aclanthology.org/2024.eacl-demo.11",
    pages = "94--105",
}


@inproceedings{Brown.et.al.2022.FAcT,
	location = {New York, {NY}, {USA}},
	title = {{What Does it Mean for a Language Model to Preserve Privacy?}},
	doi = {10.1145/3531146.3534642},
	pages = {2280--2292},
	booktitle = {2022 {ACM} Conference on Fairness, Accountability, and Transparency},
	publisher = {{ACM}},
	author = {Brown, Hannah and Lee, Katherine and Mireshghallah, Fatemehsadat and Shokri, Reza and Tramèr, Florian},
	date = {2022},
}



@online{liu2024unlearning,
  title   = {Machine unlearning in 2024},
  author  = {Liu, Ken Ziyu},
  pubstate = {Blog},
  date    = {2024},
  url     = {https://ai.stanford.edu/~kzliu/blog/unlearning},
}

@inproceedings{Cao.Yang.2015.SP,
  title = {Towards {{Making Systems Forget}} with {{Machine Unlearning}}},
  booktitle = {2015 {{IEEE Symposium}} on {{Security}} and {{Privacy}}},
  author = {Cao, Yinzhi and Yang, Junfeng},
  date = {2015},
  pages = {463--480},
  publisher = {IEEE},
  location = {San Jose, CA},
  doi = {10.1109/SP.2015.35},
}


@inproceedings{Bourtoule.et.al.2021.SP,
  title = {{Machine Unlearning}},
  booktitle = {2021 {{IEEE Symposium}} on {{Security}} and {{Privacy}} ({{SP}})},
  author = {Bourtoule, Lucas and Chandrasekaran, Varun and Choquette-Choo, Christopher A. and Jia, Hengrui and Travers, Adelin and Zhang, Baiwu and Lie, David and Papernot, Nicolas},
  date = {2021},
  pages = {141--159},
  publisher = {IEEE},
  location = {San Francisco, CA, USA},
  doi = {10.1109/SP40001.2021.00019},
}



@article{Greengard.2022.ACM,
	title = {Can {AI} learn to forget?},
	volume = {65},
	doi = {10.1145/3516514},
	pages = {9--11},
	number = {4},
	journaltitle = {Communications of the {ACM}},
	author = {Greengard, Samuel},
	date = {2022},
}


@inproceedings{Sekhari.et.al.2021.NeurIPS,
	title        = {{Remember What You Want to Forget: Algorithms for Machine Unlearning}},
	author       = {Sekhari, Ayush and Acharya, Jayadev and Kamath, Gautam and Suresh, Ananda Theertha},
	year         = 2021,
	booktitle    = {Advances in Neural Information Processing Systems},
	publisher    = {Curran Associates, Inc.},
	volume       = 34,
	pages        = {18075--18086},
	editor       = {M. Ranzato and A. Beygelzimer and Y. Dauphin and P.S. Liang and J. Wortman Vaughan}
}


@inproceedings{Bannihattikumar.et.al.2023.FindingsAACL,
  title = {{Privacy Adhering Machine Un-learning in NLP}},
  booktitle = {Findings of the Association for Computational Linguistics: IJCNLP-AACL 2023 (Findings)},
  author = {Bannihatti Kumar, Vinayshekhar and Gangadharaiah, Rashmi and Roth, Dan},
  date = {2023},
  pages = {268--277},
  publisher = {Association for Computational Linguistics},
  location = {Nusa Dua, Bali},
  doi = {10.18653/v1/2023.findings-ijcnlp.25},
}


@inproceedings{Houlsby.et.al.2019.ICML,
  title = {{Parameter-efficient transfer learning for NLP}},
  booktitle = {Proceedings of the 36th international conference on machine learning},
  author = {Houlsby, Neil and Giurgiu, Andrei and Jastrzebski, Stanislaw and Morrone, Bruna and De Laroussilhe, Quentin and Gesmundo, Andrea and Attariyan, Mona and Gelly, Sylvain},
  editor = {Chaudhuri, Kamalika and Salakhutdinov, Ruslan},
  date = {2019},
  series = {Proceedings of machine learning research},
  volume = {97},
  pages = {2790--2799},
  publisher = {PMLR},
}


@inproceedings{Chen.Yang.2023.EMNLP,
  title = {{Unlearn What You Want to Forget: Efficient Unlearning for LLMs}},
  booktitle = {Proceedings of the 2023 Conference on Empirical Methods in Natural Language Processing},
  author = {Chen, Jiaao and Yang, Diyi},
  date = {2023},
  pages = {12041--12052},
  publisher = {Association for Computational Linguistics},
  location = {Singapore},
  doi = {10.18653/v1/2023.emnlp-main.738},

}


@inproceedings{Nyffenegger.et.al.2024.FindingsNAACL,
  title = {{Anonymity at Risk? Assessing Re-Identification Capabilities of Large Language Models in Court Decisions}},
  booktitle = {Findings of the Association for Computational Linguistics: NAACL 2024},
  author = {Nyffenegger, Alex and St{\"u}rmer, Matthias and Niklaus, Joel},
  year = {2024},
  pages = {2433--2462},
  publisher = {Association for Computational Linguistics},
  address = {Mexico City, Mexico},
  doi = {10.18653/v1/2024.findings-naacl.157},
}





@inproceedings{shokri2017membership,
  title={Membership inference attacks against machine learning models},
  author={Shokri, Reza and Stronati, Marco and Song, Congzheng and Shmatikov, Vitaly},
  booktitle={2017 IEEE symposium on security and privacy (SP)},
  pages={3--18},
  year={2017},
  organization={IEEE}
}
@inproceedings {carlini2021dea,
author = {Nicholas Carlini and Florian Tram{\`e}r and Eric Wallace and Matthew Jagielski and Ariel Herbert-Voss and Katherine Lee and Adam Roberts and Tom Brown and Dawn Song and {\'U}lfar Erlingsson and Alina Oprea and Colin Raffel},
title = {Extracting Training Data from Large Language Models},
booktitle = {30th USENIX Security Symposium (USENIX Security 21)},
year = {2021},
isbn = {978-1-939133-24-3},
pages = {2633--2650},
url = {https://www.usenix.org/conference/usenixsecurity21/presentation/carlini-extracting},
publisher = {USENIX Association},
month = {08}
}

@inproceedings{carlini2023dea,
title={Quantifying Memorization Across Neural Language Models},
author={Nicholas Carlini and Daphne Ippolito and Matthew Jagielski and Katherine Lee and Florian Tramer and Chiyuan Zhang},
booktitle={The Eleventh International Conference on Learning Representations },
year={2023},
url={https://openreview.net/forum?id=TatRHT_1cK}
}
@inproceedings{carlini2019dea,
author = {Carlini, Nicholas and Liu, Chang and Erlingsson, \'{U}lfar and Kos, Jernej and Song, Dawn},
title = {The secret sharer: evaluating and testing unintended memorization in neural networks},
year = {2019},
isbn = {9781939133069},
publisher = {USENIX Association},
address = {USA},
booktitle = {Proceedings of the 28th USENIX Conference on Security Symposium},
pages = {267–284},
numpages = {18},
location = {Santa Clara, CA, USA},
series = {SEC'19}
}


@inproceedings{jia2022badencoder,
  title={Badencoder: Backdoor attacks to pre-trained encoders in self-supervised learning},
  author={Jia, Jinyuan and Liu, Yupei and Gong, Neil Zhenqiang},
  booktitle={2022 IEEE Symposium on Security and Privacy (SP)},
  pages={2043--2059},
  year={2022},
  organization={IEEE}
}

@article{zhao2025a,
    title={A Survey of Recent Backdoor Attacks and Defenses in Large Language Models},
    author={Shuai Zhao and Meihuizi Jia and Zhongliang Guo and Leilei Gan and XIAOYU XU and Xiaobao Wu and Jie Fu and Feng Yichao and Fengjun Pan and Anh Tuan Luu},
    journal={Transactions on Machine Learning Research},
    issn={2835-8856},
    year={2025},
    url={https://openreview.net/forum?id=wZLWuFHxt5},
    note={Survey Certification}
}

@article{zhou2024learning,
  author = {Zhou, Xiangyu and Qiang, Yao and Zare Zade, Saleh and Roshani, Mohammad Amin and Khanduri, Prashant and Zytko, Douglas and Zhu, Dongxiao},
  title = {Learning to Poison Large Language Models During Instruction Tuning},
  booktitle={Submitted to ACL Rolling Review - May 2025},
  journal = {arXiv e-prints},
  volume = {abs/2402.13459},
  year = {2024},
  url = {https://doi.org/10.48550/arXiv.2402.13459}
}

@inproceedings{alan2023ba,
author = {Wan, Alexander and Wallace, Eric and Shen, Sheng and Klein, Dan},
title = {Poisoning language models during instruction tuning},
year = {2023},
publisher = {JMLR.org},
booktitle = {Proceedings of the 40th International Conference on Machine Learning},
articleno = {1474},
numpages = {13},
location = {Honolulu, Hawaii, USA},
series = {ICML'23}
}

@inproceedings{wallace2021concealed,
  title       = {Concealed Data Poisoning Attacks on {NLP} Models},
  author      = {Wallace, Eric and Zhao, Tony and Feng, Shi and Singh, Sameer},
  editor      = {
    Toutanova, Kristina and Rumshisky, Anna and Zettlemoyer, Luke and
    Hakkani-Tur, Dilek and Beltagy, Iz and Bethard, Steven and
    Cotterell, Ryan and Chakraborty, Tanmoy and Zhou, Yichao
  },
  booktitle   = {Proceedings of the 2021 Conference of the North American Chapter 
                 of the Association for Computational Linguistics: Human Language Technologies},
  month       = jun,
  year        = {2021},
  address     = {Online},
  publisher   = {Association for Computational Linguistics},
  pages       = {139--150},
  url         = {https://aclanthology.org/2021.naacl-main.13/},
  doi         = {10.18653/v1/2021.naacl-main.13},
}
@inproceedings{rlhfpoison2024wang,
    title = {RLHFPoison: Reward Poisoning Attack for Reinforcement Learning with Human Feedback in Large Language Models},
    author = {Wang, Jiongxiao and Wu, Junlin and Chen, Muhao and Vorobeychik, Yevgeniy and Xiao, Chaowei},
    editor = {Ku, Lun-Wei and Martins, Andre and Srikumar, Vivek},
    booktitle = {Proceedings of the 62nd Annual Meeting of the Association for Computational Linguistics (Volume 1: Long Papers)},
    month = aug,
    year = {2024},
    address = {Bangkok, Thailand},
    publisher = {Association for Computational Linguistics},
    url = {https://aclanthology.org/2024.acl-long.140/},
    doi = {10.18653/v1/2024.acl-long.140},
    pages = {2551--2570},
}


@misc{wang2025pia,
      title={Is Your Prompt Safe? Investigating Prompt Injection Attacks Against Open-Source LLMs}, 
      author={Jiawen Wang and Pritha Gupta and Ivan Habernal and Eyke Hüllermeier},
      year={2025},
      eprint={2505.14368},
      archivePrefix={arXiv},
      primaryClass={cs.CR},
      url={https://arxiv.org/abs/2505.14368}, 
}


@data{DVN/TDOAPG_2020,
	author = {Messing, Solomon and DeGregorio, Christina and Hillenbrand, Bennett and King, Gary and Mahanti, Saurav and Mukerjee, Zagreb and Nayak, Chaya and Persily, Nate and State, Bogdan and Wilkins, Arjun},
	publisher = {Harvard Dataverse},
	title = {{Facebook Privacy-Protected Full URLs Data Set}},
	year = {2020},
	version = {V6},
	doi = {10.7910/DVN/TDOAPG},
	url = {https://doi.org/10.7910/DVN/TDOAPG}
}

@inproceedings{ding2017collecting,
	author = {Ding, Bolin and Kulkarni, Janardhan (Jana) and Yekhanin, Sergey},
	title = {Collecting Telemetry Data Privately},
	booktitle = {Advances in Neural Information Processing Systems 30},
	year = {2017},
	month = {December},
	url = {https://www.microsoft.com/en-us/research/publication/collecting-telemetry-data-privately/},
}

@article{DBLP:journals/corr/abs-2002-05839,
	author = {Ryan Rogers and Subbu Subramaniam and Sean Peng and David Durfee and Seunghyun Lee and Santosh Kumar Kancha and Shraddha Sahay and Parvez Ahammad},
	title = {LinkedIn's Audience Engagements {API:} {A} Privacy Preserving Data Analytics System at Scale},
	journal = {CoRR},
	volume = {abs/2002.05839},
	year = {2020},
	url = {https://arxiv.org/abs/2002.05839},
	eprinttype = {arXiv},
	eprint = {2002.05839},
	timestamp = {Mon, 02 Mar 2020 16:46:06 +0100},
	biburl = {https://dblp.org/rec/journals/corr/abs-2002-05839.bib},
	bibsource = {dblp computer science bibliography, https://dblp.org}
}

@misc{adeleye2023publishingwikipediausagedata,
	title={Publishing Wikipedia usage data with strong privacy guarantees}, 
	author={Temilola Adeleye and Skye Berghel and Damien Desfontaines and Michael Hay and Isaac Johnson and Cléo Lemoisson and Ashwin Machanavajjhala and Tom Magerlein and Gabriele Modena and David Pujol and Daniel Simmons-Marengo and Hal Triedman},
	year={2023},
	eprint={2308.16298},
	archivePrefix={arXiv},
	primaryClass={cs.CR},
	url={https://arxiv.org/abs/2308.16298}, 
}

@misc{rogers2020membersapproachenablinglinkedins,
	title={A Members First Approach to Enabling LinkedIn's Labor Market Insights at Scale}, 
	author={Ryan Rogers and Adrian Rivera Cardoso and Koray Mancuhan and Akash Kaura and Nikhil Gahlawat and Neha Jain and Paul Ko and Parvez Ahammad},
	year={2020},
	eprint={2010.13981},
	archivePrefix={arXiv},
	primaryClass={cs.CR},
	url={https://arxiv.org/abs/2010.13981}, 
}

@article{dwork_differential_2019,
	title = {Differential {Privacy} in {Practice}: {Expose} your {Epsilons}!},
	volume = {9},
	copyright = {https://creativecommons.org/licenses/by-nc-nd/4.0},
	issn = {2575-8527},
	shorttitle = {Differential {Privacy} in {Practice}},
	url = {https://journalprivacyconfidentiality.org/index.php/jpc/article/view/689},
	doi = {10.29012/jpc.689},
	number = {2},
	urldate = {2025-02-24},
	journal = {Journal of Privacy and Confidentiality},
	author = {Dwork, Cynthia and Kohli, Nitin and Mulligan, Deirdre},
	month = oct,
	year = {2019},
	note = {priv-0},
	file = {Full Text:/home/u/Zotero/storage/FEI5I28M/Dwork et al. - 2019 - Differential Privacy in Practice Expose your Epsilons!.pdf:application/pdf},
}




